<record><leader>00000cas a22000007a 4500</leader><controlfield tag="001">14156954</controlfield><controlfield tag="008">860828d195u1980mtuwr ne      0    0eng d</controlfield><datafield ind1=" " ind2=" " tag="010"><subfield code="a">sn 86075305 </subfield></datafield><datafield ind1=" " ind2=" " tag="040"><subfield code="a">MTL</subfield><subfield code="b">eng</subfield><subfield code="c">MTL</subfield><subfield code="d">OCLCQ</subfield></datafield><datafield ind1=" " ind2=" " tag="042"><subfield code="a">msc</subfield></datafield><datafield ind1="0" ind2=" " tag="130"><subfield code="a">Shelby times (Shelby, Mont.)</subfield></datafield><datafield ind1="1" ind2="4" tag="245"><subfield code="a">The Shelby times.</subfield></datafield><datafield ind1=" " ind2=" " tag="260"><subfield code="a">Shelby, Mont. :</subfield><subfield code="b">L.E. Stinebaugh,</subfield><subfield code="c">-1980.</subfield></datafield><datafield ind1=" " ind2=" " tag="300"><subfield code="a">v. :</subfield><subfield code="b">ill.</subfield></datafield><datafield ind1=" " ind2=" " tag="310"><subfield code="a">Weekly,</subfield><subfield code="b">Feb. 16, 1966-Aug. 22, 1980</subfield></datafield><datafield ind1=" " ind2=" " tag="321"><subfield code="a">Semiweekly,</subfield><subfield code="b">&lt;Jan. 2, 1954&gt;-Feb. 10, 1965</subfield></datafield><datafield ind1=" " ind2=" " tag="321"><subfield code="a">Weekly,</subfield><subfield code="b">Feb. 13-May 12, 1965</subfield></datafield><datafield ind1=" " ind2=" " tag="321"><subfield code="a">Semiweekly,</subfield><subfield code="b">May 15, 1965-Feb. 9, 1966</subfield></datafield><datafield ind1="0" ind2=" " tag="362"><subfield code="a">-v. 28, no. 22 (Aug. 22, 1980).</subfield></datafield><datafield ind1="1" ind2=" " tag="362"><subfield code="a">Began in 1951?</subfield><subfield code="z">Cf. Newspapers in microform, United States, 1948-1972.</subfield></datafield><datafield ind1=" " ind2=" " tag="588"><subfield code="a">Description based on: Vol. 3, no. 39 (Jan. 2, 1954).</subfield></datafield><datafield ind1=" " ind2=" " tag="752"><subfield code="a">United States</subfield><subfield code="b">Montana</subfield><subfield code="c">Toole</subfield><subfield code="d">Shelby.</subfield></datafield></record>